@comment{x-kbibtex-personnameformatting=<%f ><%l><, %s>}

@article{cfl,
	author = "Игорь Юрьевич Михайлов",
	journal = "{Компьютерно-техническая экспертиза: [сайт]}",
	language = "russian",
	owner = "alina",
	timestamp = "2013.12.20",
	title = "{Компьютерно-техническая экспертиза [Электронный ресурс]}",
	url = "http://computer-forensics-lab.org",
	year = "{[2013]}"
} 
